@Book{React,
  key = {1},
  author       = "Eve Porcello, Alex Banks",
  title        = "{Learning React}",
  publisher    = "O’Reilly Media, Inc.",
  address      = "1005 Gravenstein Highway North, Sebastopol, CA 95472",
  year         = "2017",
  isbn         = "9781491954621",
}
@Web{Motiv,
  key = {2},
  title = "{Motivation für React}",
  howpublished = "\url{https://reactjs.org/blog/2013/06/05/why-react.html}",
}

@TechReport{SchTueSaa98preprint,
  author       = "K. Schwarz and C. T{\"u}rker and G. Saake",
  title        = "{Specifying Advanced Transaction Models as Transaction
                   Closures with Special Transaction Dependency Combinations}",
  institution  = "{Fakult{\"a}t f{\"u}r Informatik, Universit{\"a}t
                   Magdeburg}",
  type         = "Preprint",
  number       = "5",
  month        = feb,
  year         = "1998",
}

@InProceedings{TueConSaa96ismis,
  author       = "C. T{\"u}rker and S. Conrad and G. Saake",
  title        = "{Dynamically Changing Behavior: An Agent-Oriented View
                   to Modeling Intelligent Information Systems}",
  booktitle    = "{Foundations of Intelligent Systems, Proc. of the 9th
                   Int. Symposium on Methodologies for Intelligent
                   Systems, ISMIS'96, Zakopane, Poland}",
  editor       = "Z. W. Ra{\'s} and M. Michalewicz",
  series       = "Lecture Notes in Artificial Intelligence",
  volume       = "1079",
  publisher    = "Springer-Verlag",
  address      = "Berlin",
  pages        = "572--581",
  month        = jun,
  year         = "1996",
  isbn         = "3-540-61286-6",
}

