@Book{SaaSchTue97,
  author       = "G. Saake and I. Schmitt and C. T{\"u}rker",
  title        = "{Objektdatenbanken --- Konzepte, Sprachen,
                   Architekturen}",
  publisher    = "International Thomson Publishing",
  address      = "Bonn",
  year         = "1997",
  isbn         = "3-8266-0258-7",
}

@article{einstein,
    author        = {Albert Einstein},
    title         = {Zur Elektrodynamik bewegter K{\"o}rper. (German) [On the electrodynamics of moving bodies]},
    journaltitle  = {Annalen der Physik},
    year          = {1905},
    volume        = {322},
    number        = {10},
    pages         = {891-921},
    doi           = {http://dx.doi.org/10.1002/andp.19053221004}
}
 
@online{knuthwebsite,
    author        = {Donald Knuth},
    title         = {Knuth: Computers and Typesetting},
    year          = {1984},
    url           = {http://www-cs-faculty.stanford.edu/~uno/abcde.html}
}
 
@book{latexcompanion,
    author        = {Michel Goossens and Frank Mittelbach and Alexander Samarin},
    title         = {The \LaTeX\ Companion},
    year          = {1993},
    publisher     = {Addison-Wesley},
    location      = {Reading, Massachusetts}
}

@TechReport{SchTueSaa98preprint,
  author       = "K. Schwarz and C. T{\"u}rker and G. Saake",
  title        = "{Specifying Advanced Transaction Models as Transaction
                   Closures with Special Transaction Dependency Combinations}",
  institution  = "{Fakult{\"a}t f{\"u}r Informatik, Universit{\"a}t
                   Magdeburg}",
  type         = "Preprint",
  number       = "5",
  month        = feb,
  year         = "1998",
}

@InProceedings{TueConSaa96ismis,
  author       = "C. T{\"u}rker and S. Conrad and G. Saake",
  title        = "{Dynamically Changing Behavior: An Agent-Oriented View
                   to Modeling Intelligent Information Systems}",
  booktitle    = "{Foundations of Intelligent Systems, Proc. of the 9th
                   Int. Symposium on Methodologies for Intelligent
                   Systems, ISMIS'96, Zakopane, Poland}",
  editor       = "Z. W. Ra{\'s} and M. Michalewicz",
  series       = "Lecture Notes in Artificial Intelligence",
  volume       = "1079",
  publisher    = "Springer-Verlag",
  address      = "Berlin",
  pages        = "572--581",
  month        = jun,
  year         = "1996",
  isbn         = "3-540-61286-6",
}
